<mx:record xmlns="http://www.w3.org/TR/xhtml1/strict" xmlns:mx="http://www.loc.gov/MARC21/slim" xmlns:xsi="http://www.w3.org/2001/XMLSchema-instance"><mx:leader>00037cz  2200037n  45 0</mx:leader><mx:controlfield tag="001">oca02880534 </mx:controlfield><mx:controlfield tag="005">20030226144129.0</mx:controlfield><mx:controlfield tag="008">910119n| acannaab           |a aaa      </mx:controlfield><mx:datafield ind1=" " ind2=" " tag="010"><mx:subfield code="a">n  91006022</mx:subfield></mx:datafield><mx:datafield ind1=" " ind2=" " tag="040"><mx:subfield code="a">DLC</mx:subfield><mx:subfield code="c">DLC</mx:subfield><mx:subfield code="d">DLC</mx:subfield><mx:subfield code="d">NjP</mx:subfield><mx:subfield code="d">DLC</mx:subfield></mx:datafield><mx:datafield ind1="0" ind2=" " tag="100"><mx:subfield code="a">John,</mx:subfield><mx:subfield code="c">the Prophet, Saint</mx:subfield></mx:datafield><mx:datafield ind1="0" ind2=" " tag="400"><mx:subfield code="a">Iōannēs,</mx:subfield><mx:subfield code="c">ho Prophētēs, Saint</mx:subfield></mx:datafield><mx:datafield ind1="0" ind2=" " tag="400"><mx:subfield code="a">John the Prophet,</mx:subfield><mx:subfield code="c">Saint</mx:subfield><mx:subfield code="w">nnaa</mx:subfield></mx:datafield><mx:datafield ind1="0" ind2=" " tag="400"><mx:subfield code="a">Jean,</mx:subfield><mx:subfield code="c">de Gaza, Saint</mx:subfield></mx:datafield><mx:datafield ind1="0" ind2=" " tag="400"><mx:subfield code="a">Jean,</mx:subfield><mx:subfield code="c">le Prophète, Saint</mx:subfield></mx:datafield><mx:datafield ind1="0" ind2=" " tag="400"><mx:subfield code="a">John,</mx:subfield><mx:subfield code="c">of Gaza, Saint</mx:subfield></mx:datafield><mx:datafield ind1="0" ind2=" " tag="400"><mx:subfield code="a">Jovan,</mx:subfield><mx:subfield code="c">Prorok, Saint</mx:subfield></mx:datafield><mx:datafield ind1="0" ind2=" " tag="400"><mx:subfield code="a">Johannes,</mx:subfield><mx:subfield code="c">von Gaza, Saint</mx:subfield></mx:datafield><mx:datafield ind1=" " ind2=" " tag="670"><mx:subfield code="a">Ho Megas Gerōn, 1988:</mx:subfield><mx:subfield code="b">t.p. (Hagios Iōannēs ho Prophētēs, student of Saint Varsanouphios [6th cent.])</mx:subfield></mx:datafield><mx:datafield ind1=" " ind2=" " tag="670"><mx:subfield code="a">LC data base, 01-14-91</mx:subfield><mx:subfield code="b">(hdg.: John the Prophet, Saint)</mx:subfield></mx:datafield><mx:datafield ind1=" " ind2=" " tag="670"><mx:subfield code="a">Barsanuphius, Saint, 6th cent. Correspondance, 1997- :</mx:subfield><mx:subfield code="b">v. 1, t.p. (Jean de Gaza) p. 41 (... Saint Jean le Prophète; companion and disciple of St. Barsanuphius)</mx:subfield></mx:datafield><mx:datafield ind1=" " ind2=" " tag="670"><mx:subfield code="a">Oxford dict. of the Christian Church, 3. ed.</mx:subfield><mx:subfield code="b">(under Barsanuphius: John the Prophet or John of Gaza, a fellow-hermit of whom little is known)</mx:subfield></mx:datafield><mx:datafield ind1=" " ind2=" " tag="670"><mx:subfield code="a">Duhovno rukovođenje, 1994:</mx:subfield><mx:subfield code="b">t.p. (Jovan Prorok)</mx:subfield></mx:datafield><mx:datafield ind1=" " ind2=" " tag="670"><mx:subfield code="a">Johannes von Gaza und Paulus Silentiarius, 1912.</mx:subfield></mx:datafield><mx:datafield ind1=" " ind2=" " tag="999"><mx:subfield code="a">1642</mx:subfield></mx:datafield></mx:record>